<?xml version="1.0" encoding="utf-8"?>
<record xmlns="http://www.loc.gov/MARC21/slim" xmlns:xsi="http://www.w3.org/2001/XMLSchema-instance" xsi:schemaLocation="http://www.loc.gov/MARC21/slim http://www.loc.gov/standards/marcxml/schema/MARC21slim.xsd">
	<leader>     nam a22        4500</leader>
	<controlfield tag="001">2767047</controlfield>
	<controlfield tag="003">NjP</controlfield>
	<controlfield tag="006">m        d        </controlfield>
	<controlfield tag="007">cr cn |||m|||a</controlfield>
	<controlfield tag="008">161118s1968    iq      o     000 0 arar </controlfield>
	<datafield ind1=" " ind2=" " tag="040">
		<subfield code="a">NNU</subfield>
		<subfield code="b">eng</subfield>
		<subfield code="e">rda</subfield>
		<subfield code="c">NNU</subfield>
	</datafield>
	<datafield ind1="0" ind2=" " tag="050">
		<subfield code="a">BP70</subfield>
		<subfield code="b">.K464</subfield>
	</datafield>
	<datafield ind1="1" ind2=" " tag="100">
		<subfield code="6">880-01</subfield>
		<subfield code="a">Khāqānī, ʻAlī.</subfield>
	</datafield>
	<datafield ind1="1" ind2="0" tag="245">
		<subfield code="a">Rijāl al-Khāqānī :</subfield>
		<subfield code="b">bi-qalam ʻAlī al-Khāqānī /</subfield>
		<subfield code="c">taḥqīq al-sayyid Muḥammad Ṣādiq Baḥr al-ʻUlūm ; ʻaniya bi-nashrihi wa-al-taqdīm lahu Ḥusayn al-Shaykh Ḥasan al-Khāqānī, ḥafīd al-muʼallif ; ṭabaʻa ʻalá nuskhat al-muṣa[nn]if.</subfield>
	</datafield>
	<datafield ind1=" " ind2=" " tag="250">
		<subfield code="6">880-02</subfield>
		<subfield code="a">[al-Ṭabʻah 1.].</subfield>
	</datafield>
	<datafield ind1=" " ind2=" " tag="260">
		<subfield code="a">[al-Najaf],</subfield>
		<subfield code="c">[1968]</subfield>
	</datafield>
	<datafield ind1=" " ind2=" " tag="300">
		<subfield code="a">online resource (32, 430, 72 pages)</subfield>
	</datafield>
	<datafield ind1=" " ind2=" " tag="336">
		<subfield code="a">text</subfield>
		<subfield code="2">rdacontent</subfield>
	</datafield>
	<datafield ind1=" " ind2=" " tag="337">
		<subfield code="a">computer</subfield>
		<subfield code="2">rdamedia</subfield>
	</datafield>
	<datafield ind1=" " ind2=" " tag="338">
		<subfield code="a">online resource</subfield>
		<subfield code="2">rdacarrier</subfield>
	</datafield>
	<datafield ind1=" " ind2=" " tag="500">
		<subfield code="a">A commentary by al-Khāqānī on al-Bahbahānī's al-Fawāʼid al-Rijālīyah, the partial text of which is included. al-Bahbahānī's work forms the introduction to his notes (taʼlīqah) to al-Astarābādī's Minhaj al-Maqāl.</subfield>
	</datafield>
	<datafield ind1=" " ind2=" " tag="500">
		<subfield code="a">Part of the Arabic Collections Online (ACO) project, contributed by Princeton University Libraries.</subfield>
	</datafield>
	<datafield ind1=" " ind2=" " tag="533">
		<subfield code="a">Electronic reproduction.</subfield>
		<subfield code="b">New York, N.Y. :</subfield>
		<subfield code="c">New York University,</subfield>
		<subfield code="d">2016.</subfield>
		<subfield code="5">NNU</subfield>
	</datafield>
	<datafield ind1=" " ind2="0" tag="650">
		<subfield code="a">Muslims</subfield>
		<subfield code="v">Biography.</subfield>
	</datafield>
	<datafield ind1=" " ind2="7" tag="650">
		<subfield code="a">Muslims.</subfield>
		<subfield code="2">fast</subfield>
		<subfield code="0">(OCoLC)fst01031029</subfield>
	</datafield>
	<datafield ind1=" " ind2="7" tag="655">
		<subfield code="a">Biography.</subfield>
		<subfield code="2">fast</subfield>
		<subfield code="0">(OCoLC)fst01423686</subfield>
	</datafield>
	<datafield ind1="1" ind2=" " tag="700">
		<subfield code="6">880-03</subfield>
		<subfield code="a">Bahbahānī, Muḥammad Bāqir ibn Muḥammad Akmal,</subfield>
		<subfield code="d">1706 or 1707-1791 or 1792.</subfield>
	</datafield>
	<datafield ind1="1" ind2=" " tag="700">
		<subfield code="a">Baḥr al-ʻUlūm, Muḥammad Ṣādiq,</subfield>
		<subfield code="e">editor.</subfield>
	</datafield>
	<datafield ind1="2" ind2=" " tag="710">
		<subfield code="a">Princeton University.</subfield>
		<subfield code="b">Library.</subfield>
	</datafield>
	<datafield ind1="0" ind2=" " tag="730">
		<subfield code="a">Arabic Collections Online.</subfield>
	</datafield>
	<datafield ind1="0" ind2="8" tag="776">
		<subfield code="i">Online version:</subfield>
		<subfield code="a">Khāqānī, ʻAlī.</subfield>
		<subfield code="t">Rijāl al-Khāqānī.</subfield>
		<subfield code="b">[al-Ṭabʻah 1.].</subfield>
		<subfield code="d">[al-Najaf, 1968]</subfield>
		<subfield code="w">(OCoLC)592279939</subfield>
	</datafield>
	<datafield ind1="0" ind2="8" tag="776">
		<subfield code="i">Online version:</subfield>
		<subfield code="a">Khāqānī, ʻAlī.</subfield>
		<subfield code="t">Rijāl al-Khāqānī.</subfield>
		<subfield code="b">[al-Ṭabʻah 1.].</subfield>
		<subfield code="d">[al-Najaf, 1968]</subfield>
		<subfield code="w">(OCoLC)613273765</subfield>
	</datafield>
	<datafield ind1="0" ind2="8" tag="776">
		<subfield code="i">Print version:</subfield>
		<subfield code="a">Khāqānī, ʻAlī.</subfield>
		<subfield code="t">Rijāl al-Khāqānī</subfield>
		<subfield code="w">(NjP)2767047</subfield>
		<subfield code="w">(DLC)   74288126 </subfield>
		<subfield code="w">(OCoLC)28706575</subfield>
	</datafield>
	<datafield ind1="4" ind2="0" tag="856">
		<subfield code="u">http://hdl.handle.net/2333.1/8gthtcht</subfield>
	</datafield>
	<datafield ind1="1" ind2=" " tag="880">
		<subfield code="6">100-01/r</subfield>
		<subfield code="a">خاقاني، علي.</subfield>
	</datafield>
	<datafield ind1="1" ind2="0" tag="880">
		<subfield code="6">245-00/r</subfield>
		<subfield code="a">رجال الخاقاني /</subfield>
		<subfield code="c">بقلم علي الخاقاني ؛ تحقيق السيد محمد صادق بحر العلوم ؛ عني بنشره والتقديم له حسين الشيخ حسن الخاقاني.</subfield>
	</datafield>
	<datafield ind1=" " ind2=" " tag="880">
		<subfield code="6">250-02/r</subfield>
		<subfield code="a">الطبعة ١.</subfield>
	</datafield>
	<datafield ind1=" " ind2=" " tag="880">
		<subfield code="6">260-00/r</subfield>
		<subfield code="a">النجف :</subfield>
		<subfield code="b">مطبعة الآداب،</subfield>
		<subfield code="c">١٩٦٨.</subfield>
	</datafield>
	<datafield ind1="1" ind2=" " tag="880">
		<subfield code="6">700-00/r</subfield>
		<subfield code="a">بحر العلوم، محمد صادق.</subfield>
	</datafield>
	<datafield ind1="1" ind2=" " tag="880">
		<subfield code="6">700-03/r</subfield>
		<subfield code="a">خاقاني، حسن.</subfield>
	</datafield>
	<datafield ind1="1" ind2="2" tag="880">
		<subfield code="6">700-00/r</subfield>
		<subfield code="a">بهبهاني، محمد باقر بن محمد أکمل.</subfield>
		<subfield code="t">فوائد الرجالية.</subfield>
	</datafield>
	<datafield ind1=" " ind2=" " tag="959">
		<subfield code="a">NNU</subfield>
		<subfield code="b">WEB</subfield>
		<subfield code="c">GENI</subfield>
		<subfield code="t">0</subfield>
		<subfield code="m">Electronic access</subfield>
		<subfield code="s">01</subfield>
	</datafield>
	<datafield ind1=" " ind2=" " tag="999">
		<subfield code="i">NjP_2767047</subfield>
		<subfield code="o">(OCoLC)ocm28706575 </subfield>
		<subfield code="s">princeton_aco000698</subfield>
		<subfield code="e">(ERROR-880)</subfield>
	</datafield>
</record>
